<?xml version="1.0" encoding="UTF-8"?><collection><record><leader>06222ntm a2200685 a 4500</leader><controlfield tag="001">006814905</controlfield><controlfield tag="003">MiAaHDL</controlfield><controlfield tag="005">20190719000000.0</controlfield><controlfield tag="006">m        d        </controlfield><controlfield tag="007">cr bn ---auaua</controlfield><controlfield tag="008">090610s17uu    xx            00| ||ara d</controlfield><datafield tag="035" ind1=" " ind2=" "><subfield code="a">(MiU)006814905</subfield></datafield><datafield tag="035" ind1=" " ind2=" "><subfield code="a">sdr-miu006814905</subfield></datafield><datafield tag="040" ind1=" " ind2=" "><subfield code="a">MiU</subfield><subfield code="c">MiU</subfield><subfield code="e">amremm</subfield></datafield><datafield tag="041" ind1="0" ind2=" "><subfield code="a">ara</subfield><subfield code="a">per</subfield></datafield><datafield tag="043" ind1=" " ind2=" "><subfield code="a">n-us-mi</subfield></datafield><datafield tag="100" ind1="0" ind2=" "><subfield code="6">880-01</subfield><subfield code="a">ʻAlī ibn Abī Ṭālib,</subfield><subfield code="c">Caliph,</subfield><subfield code="d">approximately 600-661.</subfield></datafield><datafield tag="240" ind1="1" ind2="0"><subfield code="6">880-02</subfield><subfield code="a">Poems.</subfield><subfield code="k">Selections</subfield></datafield><datafield tag="245" ind1="1" ind2="0"><subfield code="6">880-03</subfield><subfield code="a">Munājāt-i Ḥaz̤rat-i ʻAlī,</subfield><subfield code="f">[18th century?].</subfield></datafield><datafield tag="246" ind1="3" ind2=" "><subfield code="a">قصیده عینیه</subfield></datafield><datafield tag="246" ind1="3" ind2=" "><subfield code="a">القصيدة العينية</subfield></datafield><datafield tag="246" ind1="3" ind2=" "><subfield code="a">قصيدة عينية</subfield></datafield><datafield tag="246" ind1="3" ind2=" "><subfield code="a">مناجات حضرت علي</subfield></datafield><datafield tag="260" ind1=" " ind2=" "><subfield code="c">[17--?].</subfield></datafield><datafield tag="300" ind1=" " ind2=" "><subfield code="a">8 leaves :</subfield><subfield code="b">paper ;</subfield><subfield code="c">226 x 155 (120 x 66) mm.</subfield></datafield><datafield tag="500" ind1=" " ind2=" "><subfield code="a">Shelfmark: Ann Arbor, University of Michigan, Special Collections Library, Isl. Ms. 442</subfield></datafield><datafield tag="500" ind1=" " ind2=" "><subfield code="a">Origin: As appears in colophon at close, copy executed by al-Ḥājj Muḥammad Zakarīyā-yi Samarqandī. Date of transcription not specified ; paper, etc. may suggest 18th century.</subfield></datafield><datafield tag="500" ind1=" " ind2=" "><subfield code="a">Former shelfmark: "543 T. De M. [i.e. Tammaro De Marinis]" inscribed in pencil on upper board lining ; "111" inscribed in pencil on 'title page' (recto of leaf carrying incipit page).</subfield></datafield><datafield tag="500" ind1=" " ind2=" "><subfield code="a">Binding: Pasteboards (thin, semi-limp) faced in blue-green textile with dark red leather over spine and edges / turn-ins (textile faced, leather edged, framed binding) ; Type III binding (without flap) ; board linings in untinted laid paper ; sewn in red thread, two stations ; overall in fair condition with minor staining and abrasion, sewing failing, cover detached at spine, etc.</subfield></datafield><datafield tag="500" ind1=" " ind2=" "><subfield code="a">Support: European and non-European (likely Persian or Indian) laid paper, all highly sized and burnished ; bifolia appear to be composed of two leaves laminated together and mould markings are therefore difficult to examine in all but the second to last bifolium (which also carries a watermark, difficult to make out) ; some leaves tinted (green-blue / aquamarine and pale yellow ) with facing pages in the same color ; opening added bifolium (serving as flyleaves) in a paper with 8 laid lines per cm. (vertical, quite distinct) and no chain lines or watermarks visible), beige in color.</subfield></datafield><datafield tag="500" ind1=" " ind2=" "><subfield code="a">Decoration: Illuminated headpiece (ʻunwān / sarlawḥ) at opening consisting of rectangular piece with empty gold cartouche flanked by swirling arabesque in gold with floral motifs in orange-red and pink all on a light-blue ground, surmounted by a scalloped semi-circular piece (dome) filled with same manner of swirling arabesque and floral motifs (in gold, orange-red, pink) on a light-blue ground, itself surmounted by vertical stalks (tīgh) in gold with light-blue accents, and entire piece set in a heavy well of gold ; written area throughout surrounded by heavy frame in a series of narrow gold bands outlined by black fillets ; margin and panels within the written area also outlined in gold bands ; in the first few leaves (through fol.4a), elucidation in Persian surrounded by border evoking the design of the ʻunwān / sarlawḥ, a band of the same falls at the center of the written area ; written area (including outlined margin) gold-flecked to varying degrees.</subfield></datafield><datafield tag="500" ind1=" " ind2=" "><subfield code="a">Script: Nastaʻlīq ; verses in a large, exquisite Indian style hand with elongation and somewhat exaggerated constrast in thickness between horizontal and vertical strokes ; elucidation in much smaller and compact hand.</subfield></datafield><datafield tag="500" ind1=" " ind2=" "><subfield code="a">Layout: Written mainly in 4 lines of verse and 8 lines of elucidation per page, with lines of verse flanking lines of elucidation (written on the diagonal).</subfield></datafield><datafield tag="500" ind1=" " ind2=" "><subfield code="a">Collation: ii, 4 I(8) ; catchwords present.</subfield></datafield><datafield tag="500" ind1=" " ind2=" "><subfield code="a">Colophon: "Scribal," reads "تمت نسخۀ مناجات حضرت علي رضي الله تعالى عنه على يد اضعف الحقير العبد المذنب الحاج محمد زكرياى سمرقندى غفر له"</subfield></datafield><datafield tag="500" ind1=" " ind2=" "><subfield code="a">Explicit: "وناجاك اخيار ببابك ركع يا رب ز توبر رسول صلوه سلام ... بر در كه تو ركوع آرند و قيام"</subfield></datafield><datafield tag="500" ind1=" " ind2=" "><subfield code="a">Incipit: "لك الحمد يا ذا الجود والمجد والعلى تباركت تعطي من تشاء وتمنع ای صاحب جود مر ترا حمد و ثنا هستی تو بزرگوار با مجد و علا ..."</subfield></datafield><datafield tag="500" ind1=" " ind2=" "><subfield code="a">Title from colophon.</subfield></datafield><datafield tag="500" ind1=" " ind2=" "><subfield code="a">Ms. codex.</subfield></datafield><datafield tag="510" ind1="4" ind2=" "><subfield code="a">Brockelmann, C. GAL,</subfield><subfield code="c">I 43 f.</subfield></datafield><datafield tag="510" ind1="4" ind2=" "><subfield code="a">Āghā Buzurg al-Ṭihrānī. al-Dharīʻah ilá taṣānīf al-Shīʻah,</subfield><subfield code="c">no.6860, vol.22, pp.237-238</subfield></datafield><datafield tag="520" ind1="8" ind2=" "><subfield code="a">Elegant copy of the qaṣīdah in ʻayn, Munājāt ʻAlī, from the dīwān attributed to ʻAlī ibn Abī Ṭālib (ca. 600-661), accompanied by elucidation in Persian, possibly of Ḥaqīrī Tabrīzī (see al-Dharīʻah no.6860, vol.22, pp.237-238). Contributions to the cataloguing from Abbas Zarei Mehrvarz and Hossein Mottaghi.</subfield></datafield><datafield tag="538" ind1=" " ind2=" "><subfield code="a">Mode of access: Internet.</subfield></datafield><datafield tag="541" ind1=" " ind2=" "><subfield code="c">Purchase ;</subfield><subfield code="a">Acquired by purchase (funds donated by Horace Rackham).</subfield><subfield code="d">1924.</subfield></datafield><datafield tag="546" ind1=" " ind2=" "><subfield code="a">Arabic and Persian.</subfield></datafield><datafield tag="561" ind1=" " ind2=" "><subfield code="a">Clean copy.</subfield></datafield><datafield tag="650" ind1=" " ind2="0"><subfield code="a">Manuscripts, Persian</subfield><subfield code="z">Michigan</subfield><subfield code="z">Ann Arbor.</subfield></datafield><datafield tag="650" ind1=" " ind2="0"><subfield code="a">Manuscripts, Arabic</subfield><subfield code="z">Michigan</subfield><subfield code="z">Ann Arbor.</subfield></datafield><datafield tag="650" ind1=" " ind2="0"><subfield code="a">Writing, Arabic</subfield><subfield code="v">Specimens.</subfield></datafield><datafield tag="650" ind1=" " ind2="0"><subfield code="a">Calligraphy, Persian</subfield><subfield code="v">Specimens.</subfield></datafield><datafield tag="650" ind1=" " ind2="0"><subfield code="a">Calligraphy, Arabic</subfield><subfield code="v">Specimens.</subfield></datafield><datafield tag="650" ind1=" " ind2="0"><subfield code="a">Islam</subfield><subfield code="v">Prayers and devotions</subfield><subfield code="v">Early works to 1800.</subfield></datafield><datafield tag="650" ind1=" " ind2="0"><subfield code="a">Arabic poetry</subfield><subfield code="y">622-750.</subfield></datafield><datafield tag="700" ind1="0" ind2=" "><subfield code="a">Abdülhamid</subfield><subfield code="b">II,</subfield><subfield code="c">Sultan of the Turks,</subfield><subfield code="d">1842-1918,</subfield><subfield code="e">former owner.</subfield></datafield><datafield tag="700" ind1="0" ind2=" "><subfield code="6">880-05</subfield><subfield code="a">Muḥammad Zakarīyā Samarqandī,</subfield><subfield code="e">scribe,</subfield><subfield code="e">calligrapher.</subfield></datafield><datafield tag="773" ind1="0" ind2=" "><subfield code="a">Abdul Hamid Collection.</subfield></datafield><datafield tag="880" ind1="0" ind2=" "><subfield code="6">700-05/</subfield><subfield code="a">محمد زكريا سمرقندى,</subfield><subfield code="e">ناسخ,</subfield><subfield code="e">خطاط.</subfield></datafield><datafield tag="880" ind1="1" ind2="0"><subfield code="6">245-03/</subfield><subfield code="a">مناجات حضرت علی,</subfield><subfield code="f">[قرن 18م؟].</subfield></datafield><datafield tag="880" ind1="1" ind2="0"><subfield code="6">240-02/</subfield><subfield code="a">ديوان.</subfield><subfield code="k">مختارات</subfield></datafield><datafield tag="880" ind1="0" ind2=" "><subfield code="6">100-01/</subfield><subfield code="a">علي بن ابي طالب,</subfield><subfield code="c">خليفة.</subfield></datafield><datafield tag="CID" ind1=" " ind2=" "><subfield code="a">006814905</subfield></datafield><datafield tag="DAT" ind1="0" ind2=" "><subfield code="a">20190719102638.0</subfield><subfield code="b">20190719000000.0</subfield></datafield><datafield tag="DAT" ind1="1" ind2=" "><subfield code="a">20190719090653.0</subfield><subfield code="b">2019-07-19T16:12:08Z</subfield></datafield><datafield tag="DAT" ind1="2" ind2=" "><subfield code="a">2015-10-02T18:00:03Z</subfield></datafield><datafield tag="CAT" ind1=" " ind2=" "><subfield code="a">SDR-MIU</subfield><subfield code="d">EX LIBRIS - ALEPH</subfield><subfield code="l">prepare.pl-004-008</subfield></datafield><datafield tag="FMT" ind1=" " ind2=" "><subfield code="a">BK</subfield></datafield><datafield tag="HOL" ind1=" " ind2=" "><subfield code="0">sdr-miu006814905</subfield><subfield code="a">MiU</subfield><subfield code="b">SDR</subfield><subfield code="c">MIU</subfield><subfield code="p">mdp.39015079129188</subfield><subfield code="s">MIU</subfield><subfield code="1">006814905</subfield></datafield><datafield tag="974" ind1=" " ind2=" "><subfield code="b">MIU</subfield><subfield code="c">MIU</subfield><subfield code="d">20190719</subfield><subfield code="s">lit-dlps-dc</subfield><subfield code="u">mdp.39015079129188</subfield><subfield code="y">1799</subfield><subfield code="r">pd</subfield><subfield code="q">bib</subfield><subfield code="t">non-US bib date1 &lt; 1879</subfield></datafield></record></collection>